@article{ideas,
    author = "Gonzalo Frasca",
    title = "{Juego, videojuego y creación de sentido.
Una introducción.}",
    journal = "revista Internacional de Comunicación Audiovisual, Publicidad y Estudios Culturales",
    volume = "1",
    number = "7",
    pages = "37--44",
    year = "2009",
    DOI = "http://hdl.handle.net/11441/58039",
    keywords = "Juego"
}

